@article{beichl,

author = {Beichl, I. and Sullivan, F.},

title = {The Metropolis algorithm},

journal = {Computing in Science and Engineering},
  
year = 1986,
  
volume = {2:1},

pages = {65-69},

}


@article{mall,

author = {Freely, I.P.},

title = {A small paper},

journal = {The journal of small papers},

year = 1997,

volume = {-1},

note = {to appear},

}

@article{metro,

author = {Nicholas Metropolis, et al.},

title = {Equation of State Calculations by Fast Computing Machines},

journal = {The Journal of Chemical Physics},

year = 1953,

volume = {21},
}

@article{hast,

author = {W. K. Hastings},

title = {Monte Carlo sampling methods using Markov chains and their applications},

journal = {Biometrika},

year = 1970,

volume = {57:1},

pages = {97-109},
}

@article{ziheng,

author = {Ziheng Yang, Carlos E. Rodr√≠guez},

title = {Searching for efficient Markov chain Monte Carlo proposal kernels},

journal = {PNAS},

year = 2013,

volume = {110:48},
}

@article{hoff,

author = {Matthew Hoffman, Alexey Radul, Pavel Sountsov},

title = {An Adaptive-MCMC Scheme for Setting Trajectory Lengths in Hamiltonian Monte Carlo},

journal = {Proceedings of Machine Learning Research},

year = 2021,

volume = {130},
}

@article{gibbs,

author = {Stuart Geman, Donald Geman},

title = {Stochastic Relaxation, Gibbs Distributions, and
the Bayesian Restoration of Images},

journal = {TRANSACTIONS ON PATTERN ANALYSIS AND MACHINE INTELLIGENCE},

year = 1984,

volume = {6},
}

@book{gilles,

author = {Gilles Barthe, Joost-Pieter Katoen, Alexandra Silva},

title = {Foundations of Probabilistic Programming},

publisher = {Cambridge University Press},

year = 2021,
}

@book{schervish,

author = {Mark J. Schervish},

title = {Theory of Statistics},

publisher = {Springer New York, NY},

year = 1995,
}

@book{robert,

author = {C.P. Robert, G. Casella},

title = {Monte Carlo Statistical Methods},

publisher = {Springer New York, NY},

year = 2004,
}

@book{bain,

author = {Lee J. Bain, Max Engelhardt},

title = {Introduction to Probability and Mathematical Statistics},

publisher = {Brooks/Cole},

year = 1992,
}

@unpublished{tom,

author = {Tom Kennedy},

title = {Chapter 8, Markov Chain Monte Carlo},

note = {Insightful notes with no citations},
}










